% Encoding: UTF-8

@InProceedings{GeMeScSe2018,
  author    = {Cody Geary and Pierre-\'{E}tienne Meunier and Nicolas Schabanel and Shinnosuke Seki},
  title     = {Proving the {T}uring Universality of Oritatami Cotranscriptional Folding},
  booktitle = {Proc. ISAAC 2018},
  year      = {2018},
  volume    = {123},
  series    = {LIPIcs},
  pages     = {23:1-23:13},
}

@Article{GeMeScSe2019,
  author    = {Cody Geary and Pierre-\'{E}tienne Meunier and Nicolas Schabanel and Shinnosuke Seki},
  title     = {Oritatami: A computational model for molecular co-transcriptional folding},
  journal   = {Int. J. Mol. Sci.},
  year      = {2019},
  volume    = {20},
  number    = {9},
  pages     = {2259},
  note      = {preliminary version published in MFCS 2016},
  booktitle = {Proc. MFCS 2016},
}

@InProceedings{MasudaSekiUbukata2018,
  author    = {Yusei Masuda and Shinnosuke Seki and Yuki Ubukata},
  title     = {Towards the algorithmic molecular self-assembly of fractals by cotranscriptional folding},
  booktitle = {Proc. CIAA 2018},
  year      = {2018},
  volume    = {10977},
  series    = {LNCS},
  pages     = {261-273},
  publisher = {Springer},
}

@InProceedings{RothemundWinfree2000,
  author    = {Paul W. K. Rothemund and Erik Winfree},
  title     = {The program-size complexity of self-assembled squares (extended abstract)},
  booktitle = {Proc. STOC 2000, ACM},
  year      = {2000},
  pages   = {459-468},
}

@InProceedings{AdChGoHu2001,
  author    = {Leonard Adleman and Qi Chang and Ashish Goel and Ming-Deh Huang},
  title     = {Running time and program size for self-assembled squares},
  booktitle = {Proc. STOC 2001, ACM},
  year      = {2001},
  pages   = {740-748},
}

@article{McClung2006,
  author = {C. Robertson McClung},
  title = {Plant circadian rhythms},
  journal = {The Plant Cell},
  volume = {18},
  pages = {792-803},
  year = {2006},
}

@article{BrChDoKaSe2013,
  author = {Nathaniel Bryans and Ehsan Chiniforooshan and David Doty and Lila Kari and Shinnosuke Seki},
  title = {The power of nondeterminism in self-assembly},
  journal = {Theory of Computing},
  volume = {9},
  pages = {1-29},
  year = {2013},
}

@phdthesis{WinfreePhD,
  author    = {Erik Winfree},
  title     = {Algorithmic Self-Assembly of {DNA}},
  school = {Caltech},
  year      = {1998},
}

@phdthesis{EvansPhD,
  author    = {Constantine Glen Evans},
  title     = {Crystals that Count! Physical Principles and Experimental Investigations of {DNA} Tile Self-Assembly},
  school = {Caltech},
  year      = {2014},
}

@book{Minsky1967,
  editor = {Marvin Minsky},
  title = {Computation: Finite and Infinite Machines},
  publisher = {Prentice-Hall, Inc.},
  year = {1967}, 
}

@InProceedings{counter2016,
  author    = {Cody Geary and Pierre-\'Etienne Meunier and Nicolas Schabanel and Shinonsuke Seki},
  title     = {Programming Biomolecules that Fold Greedily during Transcription},
  booktitle = {Proc. MFCS 2016},
  year      = {2016},
  volume    = {58},
  series    = {LIPIcs},
  pages     = {43:1-43:14},
  owner     = {shinsek},
  timestamp = {2016.09.27},
}

@Article{GearyRothemundAndersen2014,
  author  = {Cody Geary and Paul W.~K.~Rothemund and Ebbe S.~Andersen},
  title   = {A Single-Stranded Architecture for Cotranscriptional Folding of {RNA} Nanostructures},
  journal = {Science},
  year    = {2014},
  volume  = {345},
  number  = {6198},
  pages   = {799-804},
}

@InProceedings{PchelinaSSU2020,
  author    = {Daria Pchelina and Nicolas Schabanel and Shinnosuke Seki and Yuki Ubukata},
  title     = {Simple Intrinsic Simulation of Cellular Automata in Oritatami Molecular Folding Model},
  booktitle = {Proc.~LATIN 2020},
  year      = {2020},
  series    = {LNCS},
  publisher = {Springer},
  note      = {Accepted},
}

@InProceedings{GearyAndersen2014,
  author    = {Cody Geary and Ebbe S. Andersen},
  title     = {Design Principles for Single-Stranded {RNA} Origami Structures},
  booktitle = {Proc. DNA 20},
  year      = {2014},
  volume    = {8727},
  series    = {LNCS},
  pages     = {1-19},
  publisher = {Springer},
}

@InProceedings{HanKim2018,
  author    = {Yo-Sub Han and Hwee Kim},
  title     = {Construction of Geometric Structure by Oritatami System},
  booktitle = {Proc. DNA24},
  year      = {2018},
  volume    = {11145},
  series    = {LNCS},
  pages     = {173-188},
  publisher = {Springer},
}

@InProceedings{DemaineHOPRSST2018,
  author    = {Erik D. Demaine and Jacob Hendricks and Meagan Olsen and Matthew J. Patitz and Trent A. Rogers and Nicolas Schabanel and Shinnosuke Seki and Hadley Thomas},
  title     = {Know When to Fold 'Em: Self-Assembly of Shapes by Folding in Oritatami},
  booktitle = {Proc. DNA24},
  year      = {2018},
  volume    = {11145},
  series    = {LNCS},
  pages     = {19-36},
  publisher = {Springer},
}

@Misc{ElonenBachelor2016,
  author       = {Antti Elonen},
  title        = {Molecular Folding and Computation},
  howpublished = {Bachelor Thesis},
  year         = {2016},
}

@Article{OtaSeki2017,
  author  = {Makoto Ota and Shinnosuke Seki},
  title   = {Ruleset Design Problems for Oritatami Systems},
  journal = {Theor. Comput. Sci.},
  year    = {2017},
  volume  = {671},
  pages   = {26-35},
}

@Article{HanKim2019,
  author  = {Yo-Sub Han and Hwee Kim},
  title   = {Ruleset Optimization on Isomorphic Oritatami Systems},
  journal = {Theor. Comput. Sci.},
  year    = {2019},
  volume  = {785},
  pages   = {128-139},
}

@Comment{jabref-meta: databaseType:bibtex;}
